@online{HPTVeloX,
	author = "Bas de Meijer"
	title = "Studenten TU Delft en VU Amsterdam verbreken wereldsnelheidsrecord fietsen met 122,12 km/uur."
	url = "https://www.hptdelft.nl/press-releases/studenten-tu-delft-en-vu-amsterdam-verbreken-wereldsnelheidsrecord-fietsen/"
	urldate = "2020-12-1"
}

@article{CuboidFlow,
    title = "A model for the aerodynamic coefficients of rock-like debris",
    journal = "Comptes Rendus Mécanique",
    volume = "347",
    number = "1",
    pages = "19 - 32",
    year = "2019",
    issn = "1631-0721",
    doi = "https://doi.org/10.1016/j.crme.2018.10.001",
    url = "http://www.sciencedirect.com/science/article/pii/S1631072118302225",
    author = "Vincent Chai and Dushyant Parkhi and Sethu Boopathy and Junting Xiang and Jörg Schlüter",
}

@article{ConeFlow1,
    title = "Experimental investigation of hydrodynamic force coefficients over AUV hull form",
    journal = "Ocean Engineering",
    volume = "36",
    number = "1",
    pages = "113 - 118",
    year = "2009",
    note = "Autonomous Underwater Vehicles",
    issn = "0029-8018",
    doi = "https://doi.org/10.1016/j.oceaneng.2008.11.008",
    url = "http://www.sciencedirect.com/science/article/pii/S0029801808002412",
    author = "P. Jagadeesh and K. Murali and V.G. Idichandy",
}

@article{FlatPlateFlow,
    author = {Jiang, Hai Bo and Li, Yan Ru and Cheng, Zhong Qing},
    title = {Relations of Lift and Drag Coefficients of Flow around Flat Plate},
    year = {2014},
    month = {5},
    volume = {518},
    pages = {161--164},
    booktitle = {Experimental and Applied Mechanics},
    series = {Applied Mechanics and Materials},
    publisher = {Trans Tech Publications Ltd},
    doi = {10.4028/www.scientific.net/AMM.518.161},
}

@article{AirViscosity,
    author = {Montgomery, R. B.},
    title = "{VISCOSITY AND THERMAL CONDUCTIVITY OF AIR AND DIFFUSIVITY OF WATER VAPOR IN AIR}",
    journal = {Journal of Meteorology},
    volume = {4},
    number = {6},
    pages = {193-196},
    year = {1947},
    month = {12},
    issn = {0095-9634},
    doi = {10.1175/1520-0469(1947)004<0193:VATCOA>2.0.CO;2},
    url = {https://doi.org/10.1175/1520-0469(1947)004<0193:VATCOA>2.0.CO;2},
    eprint = {https://journals.ametsoc.org/jas/article-pdf/4/6/193/3691666/1520-0469(1947)004\_0193\_vatcoa\_2\_0\_co\_2.pdf},
}

@article{WakeFlow,
    author = {Ong, L. and Wallace, J.},
    title = "{The velocity field of the turbulent very near wake of a circular cylinder}",
    journal = {Experiments in Fluids},
    volume = {20},
    number = {6},
    pages = {441-453},
    year = {1996},
    month = {04},
    issn = {1432-1114},
    doi = {10.1007/BF00189383},
}

@article{CylinderFlow,
    title={Experiments on the flow past a circular cylinder at very high Reynolds number}, 
    volume={10}, 
    DOI={10.1017/S0022112061000950}, 
    number={3}, 
    journal={Journal of Fluid Mechanics}, 
    publisher={Cambridge University Press}, 
    author={Roshko, Anatol}, 
    year={1961}, 
    pages={345–356}
}

@article{SphereFlow, 
    title={Experiments on the flow past spheres at very high Reynolds numbers}, 
    volume={54}, 
    DOI={10.1017/S0022112072000874}, 
    number={3}, 
    journal={Journal of Fluid Mechanics}, 
    publisher={Cambridge University Press}, 
    author={Achenbach, Elmar}, 
    year={1972}, 
    pages={565–575}
}

@article{ConeFlow2,
	author = {Liu, Tiantian and Liu, Yuhong and Zhang, Lianhong and Zhang, Hongwei and Wu, Zhiliang and Wang, Yanhui},
	year = {2017},
	month = {06},
	pages = {1-6},
	title = {Hydrodynamic shape genealogy for teardrop-shaped Autonomous Underwater Vehicles},
	doi = {10.1109/OCEANSE.2017.8084736}
}